% Encoding: UTF-8
@INPROCEEDINGS{9249176,
    author={Moeller, Ryan and Deemyad, Taher and Sebastian, Anish},
    booktitle={2020 Intermountain Engineering, Technology and Computing (IETC)},
    title={Autonomous Navigation of an Agricultural Robot Using RTK GPS and Pixhawk},
    year={2020},
    volume={},
    number={},
    pages={1-6},
    keywords={Agricultural robots;Navigation;Viruses (medical);Global Positioning System;Autonomous robots;Testing;Microprogramming;Navigation;Obstacle Avoidance;Agricultural Robot;Autonomous Ground Vehicle;RTK GPS;Pixhawk},
    doi={10.1109/IETC47856.2020.9249176}}

@ARTICLE{9210580,
    author={Niu, Zun and Zhao, Xinyang and Sun, Junren and Tao, Lin and Zhu, Bocheng},
    journal={IEEE Access},
    title={A Continuous Positioning Algorithm Based on RTK and VI-SLAM With Smartphones},
    year={2020},
    volume={8},
    number={},
    pages={185638-185650},
    keywords={Smart phones;Simultaneous localization and mapping;Global navigation satellite system;Cameras;Receivers;Global Positioning System;GPS;RTK;VI-SLAM;IMU;smartphone},
    doi={10.1109/ACCESS.2020.3028119}}

@ARTICLE{8456505,
    author={Gao, Xinyu and Li, Jinhai and Fan, Lifeng and Zhou, Qiao and Yin, Kaimin and Wang, Jianxu and Song, Chao and Huang, Lan and Wang, Zhongyi},
    journal={IEEE Access},
    title={Review of Wheeled Mobile Robots’ Navigation Problems and Application Prospects in Agriculture},
    year={2018},
    volume={6},
    number={},
    pages={49248-49268},
    keywords={Navigation;Robot sensing systems;Path planning;Robot kinematics;Mobile robots;Wheels;WMRs;navigation;mapping;localization;path planning;agriculture},
    doi={10.1109/ACCESS.2018.2868848}}

@article{Mur_Artal_2015,
    title={ORB-SLAM: A Versatile and Accurate Monocular SLAM System},
    volume={31},
    ISSN={1941-0468},
    url={http://dx.doi.org/10.1109/TRO.2015.2463671},
    DOI={10.1109/tro.2015.2463671},
    number={5},
    journal={IEEE Transactions on Robotics},
    publisher={Institute of Electrical and Electronics Engineers (IEEE)},
    author={Mur-Artal, Raul and Montiel, J. M. M. and Tardos, Juan D.},
    year={2015},
    month=oct, pages={1147–1163} }

@ARTICLE{6202705,
    author={Galvez-López, Dorian and Tardos, Juan D.},
    journal={IEEE Transactions on Robotics},
    title={Bags of Binary Words for Fast Place Recognition in Image Sequences},
    year={2012},
    volume={28},
    number={5},
    pages={1188-1197},
    keywords={Vocabulary;Indexes;Vectors;Robots;Feature extraction;Cameras;Bag of binary words;computer vision;place recognition;simultaneous localization and mapping (SLAM)},
    doi={10.1109/TRO.2012.2197158}}




@Comment{jabref-meta: databaseType:biblatex;}
